<record><leader>00000cas a22000007a 4500</leader><controlfield tag="001">11110899</controlfield><controlfield tag="008">840831c19uu9999iluwr ne      0   a0eng d</controlfield><datafield ind1=" " ind2=" " tag="010"><subfield code="a">sn 84007204 </subfield></datafield><datafield ind1=" " ind2=" " tag="040"><subfield code="a">NSD</subfield><subfield code="b">eng</subfield><subfield code="c">NSD</subfield><subfield code="d">OCL</subfield><subfield code="d">OCLCQ</subfield></datafield><datafield ind1=" " ind2=" " tag="012"><subfield code="m">1</subfield></datafield><datafield ind1="1" ind2=" " tag="022"><subfield code="a">8750-2003</subfield><subfield code="l">8750-2003</subfield><subfield code="2">1</subfield></datafield><datafield ind1="1" ind2=" " tag="029"><subfield code="a">AU@</subfield><subfield code="b">000025808262</subfield></datafield><datafield ind1="1" ind2=" " tag="029"><subfield code="a">NZ1</subfield><subfield code="b">16052962</subfield></datafield><datafield ind1=" " ind2=" " tag="032"><subfield code="a">725690</subfield><subfield code="b">USPS</subfield></datafield><datafield ind1=" " ind2=" " tag="037"><subfield code="b">Sun Newspapers, Inc., 500 East Ave., LaGrange, IL 60525</subfield></datafield><datafield ind1=" " ind2=" " tag="042"><subfield code="a">nsdp</subfield></datafield><datafield ind1="1" ind2=" " tag="082"><subfield code="a">071</subfield><subfield code="2">11</subfield></datafield><datafield ind1="0" ind2=" " tag="130"><subfield code="a">Sun (LaGrange, Ill.)</subfield></datafield><datafield ind1=" " ind2="4" tag="222"><subfield code="a">The Sun</subfield><subfield code="b">(LaGrange, Ill.)</subfield></datafield><datafield ind1="1" ind2="4" tag="245"><subfield code="a">The Sun.</subfield></datafield><datafield ind1=" " ind2=" " tag="260"><subfield code="a">LaGrange, Ill. :</subfield><subfield code="b">Sun Newpapers, Inc.</subfield></datafield><datafield ind1=" " ind2=" " tag="310"><subfield code="a">Weekly</subfield></datafield><datafield ind1=" " ind2=" " tag="588"><subfield code="a">Description based on: Vol. 9, no. 28 (Wednesday, July 18, 1984).</subfield></datafield><datafield ind1=" " ind2=" " tag="752"><subfield code="a">United States</subfield><subfield code="b">Illinois</subfield><subfield code="c">Cook</subfield><subfield code="d">LaGrange.</subfield></datafield><datafield ind1=" " ind2=" " tag="936"><subfield code="a">July 18, 1984</subfield></datafield></record>